<?xml version="1.0" encoding="UTF-8"?><collection xmlns="http://www.loc.gov/MARC21/slim"><record><leader>00378nam--2200109-i-4500</leader><controlfield tag="001">000035126</controlfield><controlfield tag="002">20161230</controlfield><controlfield tag="005">20161230201040</controlfield><controlfield tag="008">060222s1000------------r-----000-0-eng-d</controlfield><datafield ind1=" " ind2=" " tag="245"><subfield code="a">Organikum. organisch-chemisches grundpraktikum. von einem autorenkollektiv. 4., durchgesehene auflage</subfield></datafield><datafield ind1=" " ind2=" " tag="260"><subfield code="a">Berlin, Veb Deutscher Verlag Der Wiss., 1964, Xvii + 596p.+ Beilage: 57p</subfield></datafield><datafield ind1=" " ind2=" " tag="852"><subfield code="a">20649</subfield></datafield></record></collection>